<collection xmlns="http://www.loc.gov/MARC21/slim">
<record>
  <leader>01833nam0a2200349 i 450 </leader>
  <controlfield tag="001">IT\ICCU\CNCE\019546</controlfield>
  <controlfield tag="005">20071115000000.0</controlfield>
  <datafield tag="012" ind1=" " ind2=" ">
    <subfield code="a">4.sa a.2. O.o- spCa (3) 1549 (A)</subfield>
    <subfield code="2">fei</subfield>
  </datafield>
  <datafield tag="100" ind1=" " ind2=" ">
    <subfield code="a">19970101d1549        0itac0103    ba</subfield>
  </datafield>
  <datafield tag="101" ind1=" " ind2=" ">
    <subfield code="a">ITA</subfield>
    <subfield code="a">LAT</subfield>
  </datafield>
  <datafield tag="102" ind1=" " ind2=" ">
    <subfield code="a">IT</subfield>
  </datafield>
  <datafield tag="200" ind1="1" ind2=" ">
    <subfield code="a">Vocabulista ecclesiastico latino e volgare, vtile e necessario a molti, nel quale ve hauemo aggionto molti vocabuli, i quali manchauano nelli altri impressi</subfield>
  </datafield>
  <datafield tag="210" ind1=" " ind2=" ">
    <subfield code="e">Mediolani</subfield>
    <subfield code="g">per d. Matthei Besutio \!!</subfield>
    <subfield code="h">1549</subfield>
  </datafield>
  <datafield tag="215" ind1=" " ind2=" ">
    <subfield code="a">84 c.</subfield>
    <subfield code="d">8ʻ</subfield>
  </datafield>
  <datafield tag="300" ind1=" " ind2=" ">
    <subfield code="a">Il nome dell&apos;autore si ricava da c. A1v</subfield>
  </datafield>
  <datafield tag="620" ind1=" " ind2=" ">
    <subfield code="a">IT</subfield>
    <subfield code="d">Milano</subfield>
  </datafield>
  <datafield tag="700" ind1=" " ind2="1">
    <subfield code="a">Forte,</subfield>
    <subfield code="b">Giovanni Bernardo</subfield>
    <subfield code="3">IT\ICCU\CNCA\005503</subfield>
  </datafield>
  <datafield tag="712" ind1="0" ind2="0">
    <subfield code="a">Besozzi, Matteo</subfield>
    <subfield code="3">IT\ICCU\CNCT\000238</subfield>
    <subfield code="4">650</subfield>
  </datafield>
  <datafield tag="790" ind1=" " ind2="1">
    <subfield code="a">Bernardo,</subfield>
    <subfield code="b">Giovanni</subfield>
    <subfield code="3">IT\ICCU\CNCA\005504</subfield>
    <subfield code="z">Forte, Giovanni Bernardo</subfield>
  </datafield>
  <datafield tag="790" ind1=" " ind2="1">
    <subfield code="a">Fortis,</subfield>
    <subfield code="b">Johannes Bernardus</subfield>
    <subfield code="3">IT\ICCU\CNCA\018937</subfield>
    <subfield code="z">Forte, Giovanni Bernardo</subfield>
  </datafield>
  <datafield tag="791" ind1="0" ind2="0">
    <subfield code="a">Besucius,  Matthaeus</subfield>
    <subfield code="3">IT\ICCU\CNCT\003036</subfield>
    <subfield code="z">Besozzi, Matteo</subfield>
  </datafield>
  <datafield tag="791" ind1="0" ind2="0">
    <subfield code="a">Besutius, Matthaeus</subfield>
    <subfield code="3">IT\ICCU\CNCT\003037</subfield>
    <subfield code="z">Besozzi, Matteo</subfield>
  </datafield>
  <datafield tag="791" ind1="0" ind2="2">
    <subfield code="a">℗al segno della ℗Stella</subfield>
    <subfield code="c"> &lt;Milano&gt;</subfield>
    <subfield code="3">IT\ICCU\CNCT\003597</subfield>
    <subfield code="z">Besozzi, Matteo</subfield>
  </datafield>
  <datafield tag="791" ind1="0" ind2="0">
    <subfield code="a">Besutio, Matheus de</subfield>
    <subfield code="3">IT\ICCU\CNCT\004364</subfield>
    <subfield code="z">Besozzi, Matteo</subfield>
  </datafield>
  <datafield tag="791" ind1="0" ind2="0">
    <subfield code="a">Besozio, Matheo de</subfield>
    <subfield code="3">IT\ICCU\CNCT\004365</subfield>
    <subfield code="z">Besozzi, Matteo</subfield>
  </datafield>
  <datafield tag="791" ind1="0" ind2="0">
    <subfield code="a">Besozzo, Mattheo da</subfield>
    <subfield code="3">IT\ICCU\CNCT\004366</subfield>
    <subfield code="z">Besozzi, Matteo</subfield>
  </datafield>
  <datafield tag="801" ind1=" " ind2="3">
    <subfield code="a">IT</subfield>
    <subfield code="b">ICCU</subfield>
    <subfield code="c">20201114</subfield>
  </datafield>
  <datafield tag="899" ind1=" " ind2=" ">
    <subfield code="a">Biblioteca universitaria. Genova</subfield>
    <subfield code="1">GE0038</subfield>
    <subfield code="2">LIG 01</subfield>
  </datafield>
  <datafield tag="899" ind1=" " ind2=" ">
    <subfield code="a">Biblioteca nazionale Braidense. Milano</subfield>
    <subfield code="1">MI0185</subfield>
    <subfield code="2">MIL NB</subfield>
  </datafield>
  <datafield tag="899" ind1=" " ind2=" ">
    <subfield code="a">Biblioteca capitolare del Duomo di Monza. Monza</subfield>
    <subfield code="1">MI0375</subfield>
    <subfield code="2">ZMI 21</subfield>
  </datafield>
  <datafield tag="911" ind1=" " ind2=" ">
    <subfield code="a">sul front.</subfield>
    <subfield code="9">IT\ICCU\CNCM\000831</subfield>
  </datafield>
  <datafield tag="921" ind1=" " ind2=" ">
    <subfield code="a">IT\ICCU\CNCM\000831</subfield>
    <subfield code="b">Due putti tengono sollevata una stella a otto punte, che ha ai lati le iniziali M.B.</subfield>
    <subfield code="e">Sub signo stellae hoc reperitur</subfield>
    <subfield code="c">V103</subfield>
    <subfield code="c">Z1131</subfield>
    <subfield code="f">PUTTI</subfield>
    <subfield code="f">STELLA</subfield>
    <subfield code="f">MB</subfield>
    <subfield code="g">1543-1587</subfield>
  </datafield>
</record>
</collection>
